<?xml version="1.0" encoding="utf-8"?>
<record xmlns="http://www.loc.gov/MARC21/slim" xmlns:xsi="http://www.w3.org/2001/XMLSchema-instance" xsi:schemaLocation="http://www.loc.gov/MARC21/slim http://www.loc.gov/standards/marcxml/schema/MARC21slim.xsd">
	<leader>     nam a22     Mi 4500</leader>
	<controlfield tag="001">b12680230</controlfield>
	<controlfield tag="003">UaCaAUL</controlfield>
	<controlfield tag="006">m        d        </controlfield>
	<controlfield tag="007">cr cn |||m|||a</controlfield>
	<controlfield tag="008">190308s1932    ua a    ob    000 0 arard</controlfield>
	<datafield ind1=" " ind2=" " tag="040">
		<subfield code="a">ZYU</subfield>
		<subfield code="b">ara</subfield>
		<subfield code="e">rda</subfield>
		<subfield code="c">ZYU</subfield>
	</datafield>
	<datafield ind1=" " ind2=" " tag="043">
		<subfield code="a">f-ua---</subfield>
	</datafield>
	<datafield ind1=" " ind2="4" tag="050">
		<subfield code="a">DT103</subfield>
		<subfield code="b">.G427 1932</subfield>
	</datafield>
	<datafield ind1="1" ind2=" " tag="100">
		<subfield code="6">880-01</subfield>
		<subfield code="a">Ghurbāl, Muḥammad Shafīq,</subfield>
		<subfield code="d">1894-1961,</subfield>
		<subfield code="e">author.</subfield>
	</datafield>
	<datafield ind1="1" ind2="3" tag="245">
		<subfield code="6">880-02</subfield>
		<subfield code="a">al-Jinirāl Yaʻqūb wa-al-fāris Lāskārīs wa-mashrūʻ istiqlāl Miṣr fī sanat 1801 /</subfield>
		<subfield code="c">taʼlīf Shafīq Ghurbāl, ustādh al-tārīkh al--ḥadīth al-musāʻid bi-Kullīyat al-Ādāb.</subfield>
	</datafield>
	<datafield ind1=" " ind2="1" tag="264">
		<subfield code="6">880-03</subfield>
		<subfield code="a">Miṣr :</subfield>
		<subfield code="b">Maṭbaʻat al-Maʻārif,</subfield>
		<subfield code="c">1932.</subfield>
	</datafield>
	<datafield ind1=" " ind2=" " tag="300">
		<subfield code="a">online resource (51 pages) :</subfield>
		<subfield code="b">illustrations</subfield>
	</datafield>
	<datafield ind1=" " ind2=" " tag="336">
		<subfield code="a">text</subfield>
		<subfield code="2">rdacontent</subfield>
	</datafield>
	<datafield ind1=" " ind2=" " tag="337">
		<subfield code="a">computer</subfield>
		<subfield code="2">rdamedia</subfield>
	</datafield>
	<datafield ind1=" " ind2=" " tag="338">
		<subfield code="a">online resource</subfield>
		<subfield code="2">rdacarrier</subfield>
	</datafield>
	<datafield ind1=" " ind2=" " tag="500">
		<subfield code="a">Includes Errata page.</subfield>
	</datafield>
	<datafield ind1=" " ind2=" " tag="500">
		<subfield code="a">Part of the Arabic Collections Online (ACO) project, contributed by American University in Cairo Library.</subfield>
	</datafield>
	<datafield ind1=" " ind2=" " tag="504">
		<subfield code="a">Includes bibliographical references.</subfield>
	</datafield>
	<datafield ind1=" " ind2=" " tag="533">
		<subfield code="a">Electronic reproduction.</subfield>
		<subfield code="b">New York, N.Y. :</subfield>
		<subfield code="c">New York University,</subfield>
		<subfield code="d">2019.</subfield>
		<subfield code="5">NNU</subfield>
	</datafield>
	<datafield ind1="1" ind2="0" tag="600">
		<subfield code="a">Lascaris, Paul Louuis,</subfield>
		<subfield code="d">1774-1815.</subfield>
	</datafield>
	<datafield ind1=" " ind2="0" tag="651">
		<subfield code="a">Egypt</subfield>
		<subfield code="x">History</subfield>
		<subfield code="y">French occupation, 1798-1801.</subfield>
	</datafield>
	<datafield ind1="2" ind2="7" tag="611">
		<subfield code="a">French Occupation of Egypt (1798-1801)</subfield>
		<subfield code="2">fast</subfield>
		<subfield code="0">(OCoLC)fst01353130</subfield>
	</datafield>
	<datafield ind1=" " ind2="7" tag="651">
		<subfield code="a">Egypt.</subfield>
		<subfield code="2">fast</subfield>
		<subfield code="0">(OCoLC)fst01208755</subfield>
	</datafield>
	<datafield ind1=" " ind2="7" tag="648">
		<subfield code="a">1798-1801</subfield>
		<subfield code="2">fast</subfield>
	</datafield>
	<datafield ind1=" " ind2="7" tag="655">
		<subfield code="a">History.</subfield>
		<subfield code="2">fast</subfield>
		<subfield code="0">(OCoLC)fst01411628</subfield>
	</datafield>
	<datafield ind1="2" ind2=" " tag="710">
		<subfield code="a">American University in Cairo.</subfield>
		<subfield code="b">Library.</subfield>
	</datafield>
	<datafield ind1="0" ind2=" " tag="730">
		<subfield code="a">Arabic Collections Online.</subfield>
	</datafield>
	<datafield ind1="0" ind2="8" tag="776">
		<subfield code="i">Online version:</subfield>
		<subfield code="a">Ghurbāl, Muḥammad Shafīq, 1894-1961.</subfield>
		<subfield code="t">Jinirāl Yaʻqūb wa-al-fāris Lāskārīs wa-mashrūʻ istiqlāl Miṣr fī sanat 1801.</subfield>
		<subfield code="d">Miṣr : Maṭbaʻat al-Maʻārif, 1932</subfield>
		<subfield code="w">(OCoLC)891404300</subfield>
	</datafield>
	<datafield ind1="0" ind2="8" tag="776">
		<subfield code="i">Print version:</subfield>
		<subfield code="a">Ghurbāl, Muḥammad Shafīq, 1894-1961, author.</subfield>
		<subfield code="t">al-Jinirāl Yaʻqūb wa-al-fāris Lāskārīs wa-mashrūʻ istiqlāl Miṣr fī sanat 1801</subfield>
		<subfield code="w">(UaCaAUL)b12680230</subfield>
		<subfield code="w">(OCoLC)44092918</subfield>
	</datafield>
	<datafield ind1="4" ind2="0" tag="856">
		<subfield code="u">http://hdl.handle.net/2333.1/fxpnw54g</subfield>
	</datafield>
	<datafield ind1="1" ind2=" " tag="880">
		<subfield code="6">100-01</subfield>
		<subfield code="a">غربال، محمد شفيق،</subfield>
		<subfield code="d">1894-1961.</subfield>
	</datafield>
	<datafield ind1="1" ind2="2" tag="880">
		<subfield code="6">245-02</subfield>
		<subfield code="a">الجنرال يعقوب والفارس لاسكاريس ومشروع استقلال مصر في سنة 1801 /</subfield>
		<subfield code="c">تأليف شفيق غربال، أستاذ التاريخ الحديث المساعد بكلية الآداب.</subfield>
	</datafield>
	<datafield ind1=" " ind2="1" tag="880">
		<subfield code="6">264-03</subfield>
		<subfield code="a">مصر :</subfield>
		<subfield code="b">مطبعة المعارف،</subfield>
		<subfield code="c">1932.</subfield>
	</datafield>
	<datafield ind1=" " ind2=" " tag="959">
		<subfield code="a">NNU</subfield>
		<subfield code="b">WEB</subfield>
		<subfield code="c">GENI</subfield>
		<subfield code="t">0</subfield>
		<subfield code="m">Electronic access</subfield>
		<subfield code="s">01</subfield>
	</datafield>
	<datafield ind1=" " ind2=" " tag="999">
		<subfield code="i">UaCaAUL_b12680230</subfield>
		<subfield code="o">(OCoLC)ocm44092918</subfield>
		<subfield code="s">auc_aco000435</subfield>
		<subfield code="s">auc_aco000435</subfield>
	</datafield>
</record>
